@article{Scontras,
  title={Cross-linguistic scope ambiguity: When two systems meet},
  author={G., Scontras and M, Polinsky and C., Tsai and K.,Mai},
  year={2017},
  volume={36},
  number={2(1)},
  pages={1-28},
  doi={https://doi.org/10.5334/gjgl.198},
  journal={Glossa a journal of general linguistics}
  }

@article{Seon,
author = {Eun Seon Chung and Jeong-Ah Shin},
title ={Native and second language processing of quantifier scope ambiguity},
journal = {Second Language Research},
volume = {0},
number = {0},
pages = {02676583221079741},
year = {0},

URL = {https://doi.org/10.1177/02676583221079741}
}


@misc{bo,
	author={The Lojban Reference Grammar},
	title={Three-part tanru grouping with “bo”},
	howpublished={lojban.github.io/cll/5/3},
	month={March},
	year={2023},
	note={},
	annote={}
}


@misc{brivla,
	author={The Lojban Reference Grammar},
	title={Brivla},
	howpublished={lojban.github.io/cll/4/3},
	month={March},
	year={2023},
	note={},
	annote={}
}


@misc{dictionary,
	author={ jbovlaste:a lojban dictionary editing system},
	title={jbovlaste},
	howpublished={https://jbovlaste.lojban.org/},
	month={March},
	year={2023},
	note={},
	annote={}
}

@book{SAEng,
	author={Oaks, Dallin Dallin},
	title={Structural Ambiguity in English: An Applied Grammatical Inventory},
	publisher={Bloomsbury Publishing Plc},
	year={2012},
	url={ProQuest Ebook Central, https://ebookcentral.proquest.com/lib/uunl/detail.action?docID=1748427.}}


%Oaks, Dallin D.. Structural Ambiguity in English : An Applied Grammatical Inventory, Bloomsbury Publishing Plc, 2012. 

@misc{ithcuil,
	author={Ithkuil},
	title={Case morphology},
	howpublished={http://www.ithkuil.net/newithkuil_04_case.htm},
	month={Viewed March},
	year={2023},
	note={},
	annote={}
}


@book{worldatlas,
Abstract = {The World Atlas of Language Structures is a book and CD combination displaying the structural properties of the world's languages. 142 world maps and numerous regional maps - all in colour - display the geographical distribution of features of pronunciation and grammar, such as number of vowels, tone systems, gender, plurals, tense, word order, and body part terminology. Each world map shows an average of 400 languages and is accompanied by a fully referenced description of the structural feature in question. The CD provides an interactive electronic version of the database which allows the reader to zoom in on or customize the maps, to display bibliographical sources, and to establish correlations between features. The book and the CD together provide an indispensable source of information for linguists and others seeking to understand human languages. The Atlas will be especially valuable for linguistic typologists, grammatical theorists, historical and comparative linguists, and fo},
Author = {Martin, Haspelmath and Matthew S., Dryer and David, Gil and Bernard, Comrie},
ISBN = {9780199255917},
Publisher = {OUP Oxford},
Title = {The World Atlas of Language Structures.},
URL = {https://search-ebscohost-com.proxy.library.uu.nl/login.aspx?direct=true&db=nlebk&AN=213881&site=ehost-live},
Year = {2005},
}


@article{flies,
title = {Time flies like an arrow: Fruit flies like a banana},
journal = {Perspectives in Science},
volume = {6},
pages = {113-120},
year = {2015},
note = {Proceedings of the Beilstein Bozen Symposium 2014 – Chemistry and Time},
issn = {2213-0209},
doi = {https://doi.org/10.1016/j.pisc.2015.05.004},
url = {https://www.sciencedirect.com/science/article/pii/S2213020915000373},
author = {Athel Cornish-Bowden},
keywords = {Circadian rhythms, Logic of metabolism, Drug development, Evolution, Nanomaterials, Fuels}}




@InCollection{compling,
	author       =	{Schubert, Lenhart},
	title        =	{{Computational Linguistics}},
	booktitle    =	{The {Stanford} Encyclopedia of Philosophy},
	editor       =	{Edward N. Zalta},
	howpublished =	{\url{https://plato.stanford.edu/archives/spr2020/entries/computational-linguistics/}},
	year         =	{2020},
	edition      =	{{S}pring 2020},
	publisher    =	{Metaphysics Research Lab, Stanford University}
}



@Inbook{ambhard,
author="Chowdhary, K. R.",
title="Natural Language Processing",
bookTitle="Fundamentals of Artificial Intelligence",
year="2020",
publisher="Springer India",
address="New Delhi",
pages="603--649",
doi="10.1007/978-81-322-3972-7_19",
url="https://doi.org/10.1007/978-81-322-3972-7_19"
}




@inproceedings{Yang,
  title={The Disambiguation and Application of the English Syntactic Ambiguity},
  author={Lijun Yang},
  year={2014/05},
  booktitle={Proceedings of the International Conference on Education, Language, Art and Intercultural Communication},
  pages={329-333},
  issn={2352-5398},
  isbn={978-94-6252-013-4},
  url={https://doi.org/10.2991/icelaic-14.2014.83},
  doi={10.2991/icelaic-14.2014.83},
  publisher={Atlantis Press}
}


@book{semrol,
	author={Wilkins, Wendy},
	year={1988},
	volume={21},
	publisher={Academic Press Inc.,London}}



@article{foer,
	author={Foer, Joshua},
	year={2012},
	title={Utopian for Beginners},
	journal={New Yorker},
	url={https://www.newyorker.com/magazine/2012/12/24/utopian-for-beginners},
	urldate={3rd of April 2023},
	volume={31}}


@article{law,
	author={Allen E. Layman},
	title={Symbolic Logic and Law: A Reply},
	year={1962},
	journal={Journal of Legal Education},
	volume={15},
	number={1},
	pages={47-55}
}

@book{connective,
	author={John O'Donnell and Cordelia Hall and Rex Page},
	title={Discrete Mathematics Using a Computer},
	year={2007},
	publisher={Springer Science \& Business Media}
}


@book {Oxford,
      author = "Bas Aarts",
      title = "The Oxford Dictionary of English Grammar",
      year = "2014",
      publisher = "Oxford University Press",
      isbn = "9780191744440",
      doi = "10.1093/acref/9780199658237.001.0001",
      url = "https://www.oxfordreference.com/view/10.1093/acref/9780199658237.001.0001/acref-9780199658237"
