@article{Scontras,
  title={Cross-linguistic scope ambiguity: When two systems meet},
  author={Gina Scontras and Maria Polinsky and Ca Tsai and Kali Mai},
  year={2017},
  volume={36},
  number={2(1)},
  pages={1-28},
  doi={https://doi.org/10.5334/gjgl.198},
  journal={Glossa a journal of general linguistics}
  }

@article{Seon,
author = {Eun Seon Chung and Jeong-Ah Shin},
title ={Native and second language processing of quantifier scope ambiguity},
journal = {Second Language Research},
volume = {0},
number = {0},
pages = {02676583221079741},
year = {2022}}%,




@misc{bo,
	author={{The Lojban Reference Grammar}},
	title={Three-part tanru grouping with “bo”},
	howpublished={lojban.github.io/cll/5/3},
	month={March},
	year={2023},
	note={},
	annote={}
}


@misc{brivla,
	author={{The Lojban Reference Grammar}},
	title={Brivla},
	howpublished={lojban.github.io/cll/4/3},
	month={March},
	year={2023},
	note={},
	annote={}
}


@misc{dictionary,
	author={ jbovlaste:a lojban dictionary editing system},
	title={jbovlaste},
	howpublished={https://jbovlaste.lojban.org/},
	month={March},
	year={2023},
	note={},
	annote={}
}

@book{SAEng,
	author={Oaks, Dallin Dallin},
	title={Structural Ambiguity in English: An Applied Grammatical Inventory},
	publisher={Bloomsbury Publishing Plc},
	year={2012}}
	%url={ProQuest Ebook Central, https://ebookcentral.proquest.com/lib/uunl/detail.action?docID=1748427.}}


%Oaks, Dallin D.. Structural Ambiguity in English : An Applied Grammatical Inventory, Bloomsbury Publishing Plc, 2012. 

@misc{ithcuil,
	author={Ithkuil},
	title={Case morphology},
	howpublished={http://www.ithkuil.net/newithkuil_04_case.htm},
	month={Viewed March},
	year={2023},
	note={},
	annote={}
}


@book{worldatlas,
Author = {Martin, Haspelmath and Matthew S., Dryer and David, Gil and Bernard, Comrie},
Publisher = {OUP Oxford},
Title = {The World Atlas of Language Structures.},
Year = {2005}
}

%URL = {https://search-ebscohost-com.proxy.library.uu.nl/login.aspx?direct=true&db=nlebk&AN=213881&site=ehost-live},

@article{flies,
title = {Time flies like an arrow: Fruit flies like a banana},
journal = {Perspectives in Science},
volume = {6},
pages = {113-120},
year = {2015},
note = {Proceedings of the Beilstein Bozen Symposium 2014 – Chemistry and Time},
issn = {2213-0209},
doi = {https://doi.org/10.1016/j.pisc.2015.05.004},
author = {Athel Cornish-Bowden},
keywords = {Circadian rhythms, Logic of metabolism, Drug development, Evolution, Nanomaterials, Fuels}}




@InCollection{compling,
	author       =	{Schubert, Lenhart},
	title        =	{{Computational Linguistics}},
	booktitle    =	{The {Stanford} Encyclopedia of Philosophy},
	editor       =	{Edward N. Zalta},
	year         =	{2020},
	edition      =	{{S}pring 2020},
	publisher    =	{Metaphysics Research Lab, Stanford University}
}



@Inbook{ambhard,
author="Chowdhary, K. R.",
title="Natural Language Processing",
bookTitle="Fundamentals of Artificial Intelligence",
year="2020",
publisher="Springer India",
address="New Delhi",
pages="603--649",
doi="10.1007/978-81-322-3972-7_19",
url="https://doi.org/10.1007/978-81-322-3972-7_19"
}




@inproceedings{Yang,
  title={The Disambiguation and Application of the English Syntactic Ambiguity},
  author={Lijun Yang},
  year={2014/05},
  booktitle={Proceedings of the International Conference on Education, Language, Art and Intercultural Communication},
  pages={329-333},
  issn={2352-5398},
  isbn={978-94-6252-013-4},
  url={https://doi.org/10.2991/icelaic-14.2014.83},
  doi={10.2991/icelaic-14.2014.83},
  publisher={Atlantis Press}
}


@book{semrol,
	author={Wilkins, Wendy},
	year={1988},
	volume={21},
	publisher={Academic Press Inc.,London}}



@article{foer,
	author={Foer, Joshua},
	year={2012},
	title={Utopian for Beginners},
	journal={New Yorker},
	url={https://www.newyorker.com/magazine/2012/12/24/utopian-for-beginners},
	urldate={3rd of April 2023},
	volume={31}}


@article{law,
	author={Allen E. Layman},
	title={Symbolic Logic and Law: A Reply},
	year={1962},
	journal={Journal of Legal Education},
	volume={15},
	number={1},
	pages={47-55}
}

@book{connective,
	author={John O'Donnell and Cordelia Hall and Rex Page},
	title={Discrete Mathematics Using a Computer},
	year={2007},
	publisher={Springer Science \& Business Media}
}


@book {Oxford,
      author = {Bas Aarts},
      title = {The Oxford Dictionary of English Grammar},
      year = {2014},
      publisher = {Oxford University Press},
      isbn = {9780191744440},
      doi = {10.1093/acref/9780199658237.001.0001}}



 

@book{ArabicPhonology:Anacousticalandphysiologicalinvestigation,
 author = {Al-Ani, S.H.},
 year={1970},
 title={Arabic Phonology: An acoustical and physiological investigation},
 publisher={De Gruyter}}
 

@book{Medicine:useofEnglish,
 author = {Ariza, M.A. and Navarro, F.A.},
 year={2006},
 title={Medicine: use of English},
 pages={752-759},
 publisher={Elsevier EBooks}}
 

@article{Theusefulnessofmetricsinthequantificationofspeechrhythm,
 author = {Arivati, A.},
 year={2012},
 title={The usefulness of metrics in the quantification of speech rhythm},
 journal = {Journal of Phonetics},
 volume={40},
 pages = {351-373}}
 

@book{ModernCantonesePhonology,
 author = {Bauer, R.S. and Benedict, P.K.},
 year={1997},
 title={Modern Cantonese Phonology},
 publisher={Walter de Gruyter}} 

@article{Theconnectivityofthesuperiorlongitudinalfasciculus:atractographyDTIstudy,
 author = {Bernal, B. and Altman, N.},
 year={2010},
 title={The connectivity of the superior longitudinal fasciculus: a tractography DTI study},
 journal = {Magnetic resonance imaging},
 volume={28},
 pages = {217-225}}
 

@article{ThespecialnatureofAustralianphonologies:whyauditoryconstraintsonhumanlanguagesoundsystemsarenotuniversal,
 author = {Butcher,A.R.},
 year={november 2018},
 title={The special nature of Australian phonologies: why auditory constraints on human language sound systems are not universal},
 journal = {Proceedings of Meetings on Acoustics 176ASA},
 volume={35},
 pages = {}}
 

@book{SyntacticStructures,
 author = {Noam Chomsky},
 year={2002},
 title={Syntactic Structures},
 publisher={Mouton de Gruyter}} 

@book{Intonation,
 author = {Cruttenden, A.},
 year={1997},
 title={Intonation},
 publisher={Cambridge University Press}} 

@book{Linguisticsforeveryone:Anintroduction,
 author = {Denham, K. and Lobeck, A.},
 year={2012},
 title={Linguistics for everyone: An introduction},
 publisher={Cengage Learning}} 

@article{Themythoflanguageuniversals:Languagediversityanditsimportanceforcognitivescience,
 author = {Evans, N. and Levinson, S.C.},
 year={2009},
 title={The myth of language universals: Language diversity and its importance for cognitive science},
 journal = {Behavioral and brain sciences},
 volume={32},
 pages = {429-448}}
 

@article{Theevolutionofthelanguagefaculty:Clarificationsandimplications,
 author = {Fitch, W.T. and Hauser, M.D. and Chomsky, N.},
 year={2005},
 title={The evolution of the language faculty: Clarifications and implications},
 journal = {Cognition},
 volume={97},
 pages = {179-210}}
 

@article{RedefiningtheroleofBroca'sareainspeech,
 author = {Flinker, A. and Korzeniewska, A. and Shestyuk, A.Y. and Franaszczuk, P.J. and Dronkers, N.F. and Knight, R.T. and Crone, N.E.},
 year={2015},
 title={Redefining the role of Broca's area in speech},
 journal = {Proceedings of the National Academy of Sciences},
 volume={112},
 pages = {2871-2875}}
 

@article{Languageandthebrain,
 author = {Geschwind, N.},
 year={1972},
 title={Language and the brain},
 journal = {Scientific American},
 volume={226},
 pages = {76-83}}
 

@article{Dutch,
 author = {Gussenhoven, C.},
 year={1992},
 title={Dutch},
 journal = {Journal of the International Phonetic Association},
 volume={22},
 pages = {45-47}}
 

@article{Englishaslinguafranca:Athreattomultilingualism?,
 author = {House, J.},
 year={2003},
 title={English as lingua franca: A threat to multilingualism?},
 journal = {Journal of Sociolinguistics},
 volume={7},
 pages = {556-578}}
 

@article{Tamil,
 author = {Keane, E.},
 year={2004},
 title={Tamil},
 journal = {Journal of the Internationa Phonetic Assocation},
 volume={34},
 pages = {111-116}}
 

@article{Subjacencyasaprocessingphenomenon,
 author = {Kluender, R. and Kutas, M.},
 year={1993},
 title={Subjacency as a processing phenomenon},
 journal = {Language and cognitive processes},
 volume={8},
 pages = {573-633}}
 

@book{LinguaFrancaCommunication,
 author = {Knapp, K. and Meierkord, C.},
 year={2002},
 title={Lingua Franca Communication},
 publisher={Peter Lang EBooks}} 

@article{LanguageandCulture,
 author = {Kramsch, C.},
 year={2014},
 title={Language and Culture},
 journal = {Aila Review},
 volume={27},
 pages = {30-55}}
 

@book{AmericanEnglish:HandbookoftheInternationalPhoneticAssociaton,
 author = {Ladefoged,P.},
 year={1999},
 title={American English: Handbook of the International Phonetic Associaton},
 publisher={Cambridge University Press}} 

@book{TheSoundsoftheWorld'sLanguages,
 author = {Ladefoged, P. and Maddieson, I.},
 year={1996},
 title={The Sounds of the World's Languages},
 publisher={Wiley-Blackwell}} 

@article{TonePerceptioninCantoneseandMandarin:Across-linguisticcomparison,
 author = {Lee, Y.S. and Vakoch, D.A. and Wurm, L.H.},
 year={1996},
 title={Tone Perception in Cantonese and Mandarin: A cross-linguistic comparison},
 journal = {Journal of Psycholinguistic Research},
 volume={25},
 pages = {83-122}}
 

@article{Perceptionofthespeechcode,
 author = {Liberman, A.M. and Cooper, F.S. and Shankweiler, D.P. and Studdert-Kennedy, M.},
 year={1967},
 title={Perception of the speech code},
 journal = {Psychological Review},
 volume={74},
 pages = {431}}
 

@article{Specializationofleftauditorycortexforspeechperceptioninmandependsontemporalcoding,
 author = {Li'{e}geois-Chauvel, C. and De Graaf, J.B. and Laguitton, V. and Chauvel, P..},
 year={1999},
 title={Specialization of left auditory cortex for speech perception in man depends on temporal coding},
 journal = {Cerebral Cortex},
 volume={9},
 pages = {484-496}}
 

@book{NaturalLanguageandUniversalGrammar:Volume1:EssaysinLinguisticTheory,
 author = {Lyons, J.},
 year={1991},
 title={Natural Language and Universal Grammar: Volume 1: Essays in Linguistic Theory},
 publisher={Cambridge University Press}} 

@article{TheCorpusofEnglishasLinguaFrancainAcademicSettings,
 author = {Mauranen, A.},
 year={2003},
 title={The Corpus of English as Lingua Franca in Academic Settings},
 journal = {TESOL Quarterly},
 volume={37},
 pages = {513}}
 

 

@book{Patternsofsounds,
 author = {Maddieson, I},
 year={1984},
 title={Patterns of sounds},
 publisher={Cambridge University Press}}


@inbook{TheSizeandStructureofPhonologicalInventories:AnalysisofUPSID
author    = "Maddieson, I.",
title     = "The Size and Structure of Phonological Inventories: Analysis of UPSID",
booktitle = "Experimental Phonology",
editor = "J.J. Ohala and J.J. Jaeger"
publisher = "Cambridge University Press",
year      = "1986",
pages = "111"
}

@incollection{wals-18,
  author    = {Ian Maddieson},
  booktitle = {The World Atlas of Language Structures Online},
  editor    = {Matthew S. Dryer and Martin Haspelmath},
  publisher = {Zenodo},
  title     = {Absence of Common Consonants (v2020.3)},
  type      = {Data set},
  url       = {https://doi.org/10.5281/zenodo.7385533},
  year      = {2013},
  doi       = {10.5281/zenodo.7385533}
}



 

@article{PhonemeRepresentationandclassificationinprimaryauditorycortex,
 author = {Mesgarani, N. and David, S.V. and Fritz, J.B. and Shamma, S.A.},
 year={2008},
 title={Phoneme Representation and classification in primary auditory cortex},
 journal = {The Journal of the Acoustical Society of America},
 volume={123},
 pages = {899-909}}
 
@incollection{StructuralLinguistics,
	author={
